@article{claerbout1991scrutiny,
  title={A Scrutiny of the Introduction},
  author={Claerbout, Jon F},
  journal={The Leading Edge},
  volume={10},
  number={1},
  pages={39--41},
  year={1991},
  publisher={Society of Exploration Geophysicists}
}

@article{landes1951scrutiny,
  title={A Scrutiny of the Abstract},
  author={Landes, Kenneth K},
  journal={Bulletin of the American Association of Petroleum Geologists},
  volume={35},
  number={7},
  pages={1660},
  year={1951}
}

% Transfuser

@article{transfuser-pami,
  author = {Chitta, Kashyap and
            Prakash, Aditya and
            Jaeger, Bernhard and
            Yu, Zehao and
            Renz, Katrin and
            Geiger, Andreas},
  title = {TransFuser: Imitation with Transformer-Based Sensor Fusion for Autonomous Driving},
  journal = {Pattern Analysis and Machine Intelligence (PAMI)},
  year = {2022},
}

@inproceedings{transfuser-cvpr,
  author = {Prakash, Aditya and
            Chitta, Kashyap and
            Geiger, Andreas},
  title = {Multi-Modal Fusion Transformer for End-to-End Autonomous Driving},
  booktitle = {Conference on Computer Vision and Pattern Recognition (CVPR)},
  year = {2021}
}

@online{tesla-ai-day-2021-review,
    author = "Alberto Romero",
    title = "Tesla AI Day 2021 Review — Part 1: The Promise of Fully Self-Driving Cars",
    url  = "https://towardsdatascience.com/tesla-ai-day-2021-review-part-1-the-promise-of-fully-self-driving-cars-8e469265509b",
    year = {2021},
    urldate={2022-11-10},
}

@online{waymo-cvpr-2022,
    author = "{The Waymo Team}",
    title = "Waymo at {CVPR} 2022: A hub for real-world innovation and groundbreaking research",
    url  = "https://blog.waymo.com/2022/06/%20WaymoAtCVPR2022.html",
    year = {2022},
    urldate={2022-11-10},
}

@online{eesi-av-climate-solution,
    author = "Richard Nunno",
    title = "Issue Brief | Autonomous Vehicles: State of the Technology and Potential Role as a Climate Solution",
    url  = "https://www.eesi.org/papers/view/issue-brief-autonomous-vehicles-state-of-the-technology-and-potential-role-as-a-climate-solution",
    year = {2021},
    urldate={2022-11-10},
}


@InProceedings{introducing-carla-paper,
  title = 	 {{CARLA}: {An} Open Urban Driving Simulator},
  author = 	 {Dosovitskiy, Alexey and Ros, German and Codevilla, Felipe and Lopez, Antonio and Koltun, Vladlen},
  booktitle = 	 {Proceedings of the 1st Annual Conference on Robot Learning},
  pages = 	 {1--16},
  year = 	 {2017},
  editor = 	 {Levine, Sergey and Vanhoucke, Vincent and Goldberg, Ken},
  volume = 	 {78},
  series = 	 {Proceedings of Machine Learning Research},
  month = 	 {13--15 Nov},
  publisher =    {PMLR},
  pdf = 	 {http://proceedings.mlr.press/v78/dosovitskiy17a/dosovitskiy17a.pdf},
  url = 	 {https://proceedings.mlr.press/v78/dosovitskiy17a.html},
}

@software{unrealengine,
  author = {{Epic Games}},
  title = {Unreal Engine},
  url = {https://www.unrealengine.com},
  date = {2019-04-25},
}

@software{carla-python-api,
  author = {{The CARLA team}},
  title = {Python {API} reference},
  url = {https://carla.readthedocs.io/en/0.9.13/python_api/},
  urldate={2022-11-10},
}

@software{carla-cplusplus-api,
  author = {{The CARLA team}},
  title = {C++ reference},
  url = {https://carla.readthedocs.io/en/0.9.13/ref_cpp/},
  urldate={2022-11-10},
}

@online{carla-leaderboard,
    author = "{The CARLA team}",
    title = "{CARLA Autonomous Driving Leaderboard}",
    url  = "https://leaderboard.carla.org/",
    urldate={2022-11-10},
}

@misc{LGSVL-simulator,
  doi = {10.48550/ARXIV.2005.03778},
  url = {https://arxiv.org/abs/2005.03778},
  author = {Rong, Guodong and Shin, Byung Hyun and Tabatabaee, Hadi and Lu, Qiang and Lemke, Steve and Možeiko, Mārtiņš and Boise, Eric and Uhm, Geehoon and Gerow, Mark and Mehta, Shalin and Agafonov, Eugene and Kim, Tae Hyung and Sterner, Eric and Ushiroda, Keunhae and Reyes, Michael and Zelenkovsky, Dmitry and Kim, Seonman},
  title = {LGSVL Simulator: A High Fidelity Simulator for Autonomous Driving},
  publisher = {arXiv},
  year = {2020},
}

@article{carla-an-inside-out,
title = {CARLA: Car Learning to Act — An Inside Out},
journal = {Procedia Computer Science},
volume = {198},
pages = {742-749},
year = {2022},
note = {12th International Conference on Emerging Ubiquitous Systems and Pervasive Networks / 11th International Conference on Current and Future Trends of Information and Communication Technologies in Healthcare},
issn = {1877-0509},
doi = {https://doi.org/10.1016/j.procs.2021.12.316},
url = {https://www.sciencedirect.com/science/article/pii/S1877050921025552},
author = {Sumbal Malik and Manzoor Ahmed Khan and Hesham El-Sayed},
}